@book{RBY99,
author = {R. Baeza-Yates, B. Ribeiro-Neto.},
title = {Modern Information Retrieval},
publisher = {ACM Press},
year = {1999},
}

@book{CDM08,
author = {Ch. D. Manning, P. Raghavan, H. Sch√ºtze},
title = {Introduction to Information Retrieval},
publisher = {Cambridge University Press},
year = {2008},
}

@article{SK14,
author = {St. Klampfl, M. Granitzer, K. Jack, R. Kern},
title = {Unsupervised document structure analysis of digital scientific articles},
journal = {International Journal on Digital Libraries},
year = {2014},
month = {August},
pages = {83-99},
volume = {14},
}

@article{SC03,
author = {S. Cohen, J. Mamou, Y. Kanza, Y. Sagiv},
title = {XSEarch: A Semantic Search Engine for XML},
journal = {Proceedings of the 29th international conference on Very large data bases},
year = {2003},
month = {September},
pages = {45-56},
volume = {29},
}
