@book{ModernInvormationRetrieval1999,
  author = {Ribeiro-Neto, Berthier and Baeza-Yates, Ricardo},
  biburl = {https://www.bibsonomy.org/bibtex/25708571c73225799ea0b08514f7b0318/soletluna},
  booktitle = {Modern Information Retrieval},
  description = {Modern Information Retrieval},
  interhash = {6f78177742b3c836218aacfc7fc4c43c},
  intrahash = {5708571c73225799ea0b08514f7b0318},
  keywords = {information retrieval},
  publisher = {ACM Press / Addison-Wesley},
  title = {Modern Information Retrieval},
  year = 1999
}

@book{manning2008,
  author = {Manning, Christopher D. and Raghavan, Prabhakar and Sch√ºtze, Hinrich},
  biburl = {https://www.bibsonomy.org/bibtex/29f4ab13e07b48b9723113aa74224be65/hotho},
  booktitle = {Introduction to Information Retrieval},
  description = {Introduction to Information Retrieval},
  interhash = {2e574e46b7668a7268e7f02b46f4d9bb},
  intrahash = {9f4ab13e07b48b9723113aa74224be65},
  keywords = {information introduction ir retrieval sota},
  publisher = {Cambridge University Press},
  title = {Introduction to Information Retrieval},
  year = 2008
}

@article{KlampflGJK14,
  author = {Klampfl, Stefan and Granitzer, Michael and Jack, Kris and Kern, Roman},
  biburl = {https://www.bibsonomy.org/bibtex/2f6fdc97795c5cd5c43eee7ab7c6d6e52/dblp},
  interhash = {74280b870db16302f231a6443fbe603a},
  intrahash = {f6fdc97795c5cd5c43eee7ab7c6d6e52},
  journal = {Int. J. on Digital Libraries},
  keywords = {dblp},
  number = {3-4},
  pages = {83-99},
  timestamp = {2015-06-18T05:15:57.000+0200},
  title = {Unsupervised document structure analysis of digital scientific articles.},
  volume = 14,
  year = 2014
}
